@article{Osinenko2015,
  title = {A method of optimal traction control for farm tractors with feedback of drive torque},
  author = {Pavel V. Osinenko and Mike Geissler and Thomas Herlitzius},
  journal = {Biosystems Engineering},
  year = {2015},
  doi = {10.1016/j.biosystemseng.2014.09.009},
  volume = {129},
  pages = {20-33},
  publisher = {Elsevier BV},

}

@article{Osinenko2017,
  title = {Optimal traction control for heavy-duty vehicles},
  author = {Pavel Osinenko and Stefan Streif},
  journal = {Control Engineering Practice},
  year = {2017},
  doi = {10.1016/j.conengprac.2017.09.010},
  volume = {69},
  pages = {99-111},
  publisher = {Elsevier BV},

}

@article{Osinenko2022,
  title = {Reinforcement learning with guarantees: a review},
  author = {Pavel Osinenko and Dmitrii Dobriborsci and Wolfgang Aumer},
  journal = {IFAC-PapersOnLine},
  year = {2022},
  doi = {10.1016/j.ifacol.2022.07.619},
  volume = {55},
  number = {15},
  pages = {123-128},
  publisher = {Elsevier BV},

}

@article{Osinenko2021,
  title = {Application of non-destructive sensors and big data analysis to predict physiological storage disorders and fruit firmness in ‘Braeburn’ apples},
  author = {Pavel Osinenko and Konni Biegert and Roy J. McCormick and Thomas Göhrt and Grigory Devadze and Josef Streif and Stefan Streif},
  journal = {Computers and Electronics in Agriculture},
  year = {2021},
  doi = {10.1016/j.compag.2021.106015},
  volume = {183},
  pages = {106015},
  publisher = {Elsevier BV},

}

@article{Ibrahim2024,
  title = {Comprehensive Overview of Reward Engineering and Shaping in Advancing Reinforcement Learning Applications},
  author = {Sinan Ibrahim and Mostafa Mostafa and Ali Jnadi and Hadi Salloum and Pavel Osinenko},
  journal = {IEEE Access},
  year = {2024},
  doi = {10.1109/access.2024.3504735},
  volume = {12},
  pages = {175473-175500},
  publisher = {Institute of Electrical and Electronics Engineers (IEEE)},

}

@article{Bögel2016,
  title = {Assessment of soil roughness after tillage using spectral analysis},
  author = {T. Bögel and P. Osinenko and Th. Herlitzius},
  journal = {Soil and Tillage Research},
  year = {2016},
  doi = {10.1016/j.still.2016.02.004},
  volume = {159},
  pages = {73-82},
  publisher = {Elsevier BV},

}

@article{Osinenko2020,
  title = {A reinforcement learning method with closed-loop stability guarantee},
  author = {Pavel Osinenko and Lukas Beckenbach and Thomas Göhrt and Stefan Streif},
  journal = {IFAC-PapersOnLine},
  year = {2020},
  doi = {10.1016/j.ifacol.2020.12.2237},
  volume = {53},
  number = {2},
  pages = {8043-8048},
  publisher = {Elsevier BV},

}

@article{Beckenbach2020,
  title = {A Q-learning predictive control scheme with guaranteed stability},
  author = {Lukas Beckenbach and Pavel Osinenko and Stefan Streif},
  journal = {European Journal of Control},
  year = {2020},
  doi = {10.1016/j.ejcon.2020.03.001},
  volume = {56},
  pages = {167-178},
  publisher = {Elsevier BV},

}

@article{Beckenbach2018,
  title = {Constrained and Stabilizing Stacked Adaptive Dynamic Programming and a Comparison with Model Predictive Control},
  author = {Lukas Beckenbach and Pavel Osinenko and Thomas Gohrt and Stefan Streif},
  journal = {2018 European Control Conference (ECC)},
  year = {2018},
  doi = {10.23919/ecc.2018.8550545},
  pages = {1349-1354},
  publisher = {IEEE},

}

@article{Osinenko2018,
  title = {Practical Sample-and-Hold Stabilization of Nonlinear Systems Under Approximate Optimizers},
  author = {Pavel Osinenko and Lukas Beckenbach and Stefan Streif},
  journal = {IEEE Control Systems Letters},
  year = {2018},
  doi = {10.1109/lcsys.2018.2845130},
  volume = {2},
  number = {4},
  pages = {569-574},
  publisher = {Institute of Electrical and Electronics Engineers (IEEE)},

}

@article{Schmidt2021,
  title = {On Inf-Convolution-Based Robust Practical Stabilization Under Computational Uncertainty},
  author = {Patrick Schmidt and Pavel Osinenko and Stefan Streif},
  journal = {IEEE Transactions on Automatic Control},
  year = {2021},
  doi = {10.1109/tac.2021.3052747},
  volume = {66},
  number = {11},
  pages = {5530-5537},
  publisher = {Institute of Electrical and Electronics Engineers (IEEE)},

}

@article{Morozov2024,
  title = {Optimal Flow Factor Determination in Vanadium Redox Flow Battery Control},
  author = {Alexander Morozov and Mikhail Pugach and Andrey Polyakov and Pavel Osinenko and Anton Bolychev and Vladimir Terzija and Sergei Parsegov},
  journal = {IEEE Access},
  year = {2024},
  doi = {10.1109/access.2024.3361830},
  volume = {12},
  pages = {19277-19284},
  publisher = {Institute of Electrical and Electronics Engineers (IEEE)},

}

@article{Osinenko2014,
  title = {Adaptive unscented Kaiman filter with a fuzzy supervisor for electrified drive train tractors},
  author = {Pavel Osinenko and Mike Geissler and Thomas Herlitzius},
  journal = {2014 IEEE International Conference on Fuzzy Systems (FUZZ-IEEE)},
  year = {2014},
  doi = {10.1109/fuzz-ieee.2014.6891532},
  pages = {322-331},
  publisher = {IEEE},

}

@article{Osinenko2016,
  title = {Experimental results of slip control with a fuzzy-logic-assisted unscented Kalman filter for state estimation},
  author = {Pavel Osinenko and Mike Geissler and Thomas Herlitzius and Stefan Streif},
  journal = {2016 IEEE International Conference on Fuzzy Systems (FUZZ-IEEE)},
  year = {2016},
  doi = {10.1109/fuzz-ieee.2016.7737728},
  pages = {501-507},
  publisher = {IEEE},

}

@article{Osinenko2023,
  title = {A Generalized Stacked Reinforcement Learning Method for Sampled Systems},
  author = {Pavel Osinenko and Dmitrii Dobriborsci and Grigory Yaremenko and Georgiy Malaniya},
  journal = {IEEE Transactions on Automatic Control},
  year = {2023},
  doi = {10.1109/tac.2023.3250032},
  volume = {68},
  number = {11},
  pages = {7006-7013},
  publisher = {Institute of Electrical and Electronics Engineers (IEEE)},

}

@article{Kobelski2021,
  title = {Experimental verification of an online traction parameter identification method},
  author = {Alexander Kobelski and Pavel Osinenko and Stefan Streif},
  journal = {Control Engineering Practice},
  year = {2021},
  doi = {10.1016/j.conengprac.2021.104837},
  volume = {113},
  pages = {104837},
  publisher = {Elsevier BV},

}

@article{Beckenbach2019,
  title = {Model predictive control with stage cost shaping inspired by reinforcement learning},
  author = {Lukas Beckenbach and Pavel Osinenko and Stefan Streif},
  journal = {2019 IEEE 58th Conference on Decision and Control (CDC)},
  year = {2019},
  doi = {10.1109/cdc40024.2019.9030185},
  pages = {7110-7115},
  publisher = {IEEE},

}

@article{Gohrt2019,
  title = {Adaptive Dynamic Programming Using Lyapunov Function Constraints},
  author = {Thomas Gohrt and Pavel Osinenko and Stefan Streif},
  journal = {IEEE Control Systems Letters},
  year = {2019},
  doi = {10.1109/lcsys.2019.2919439},
  volume = {3},
  number = {4},
  pages = {901-906},
  publisher = {Institute of Electrical and Electronics Engineers (IEEE)},

}

@article{Osinenko2024,
  title = {Critic as Lyapunov function (CALF): a model-free, stability-ensuring agent},
  author = {Pavel Osinenko and Grigory Yaremenko and Roman Zashchitin and Anton Bolychev and Sinan Ibrahim and Dmitrii Dobriborsci},
  journal = {2024 IEEE 63rd Conference on Decision and Control (CDC)},
  year = {2024},
  doi = {10.1109/cdc56724.2024.10886034},
  pages = {2517-2524},
  publisher = {IEEE},

}

@article{Kobelski2020,
  title = {A method of online traction parameter identification and mapping},
  author = {Alexander Kobelski and Pavel Osinenko and Stefan Streif},
  journal = {IFAC-PapersOnLine},
  year = {2020},
  doi = {10.1016/j.ifacol.2020.12.909},
  volume = {53},
  number = {2},
  pages = {13933-13938},
  publisher = {Elsevier BV},

}

@article{Dobriborsci2022,
  title = {An experimental study of two predictive reinforcement learning methods and comparison with model-predictive control},
  author = {Dmitrii Dobriborsci and Pavel Osinenko and Wolfgang Aumer},
  journal = {IFAC-PapersOnLine},
  year = {2022},
  doi = {10.1016/j.ifacol.2022.09.610},
  volume = {55},
  number = {10},
  pages = {1545-1550},
  publisher = {Elsevier BV},

}

@article{Larchenko2021,
  title = {A Study of First-Passage Time Minimization via Q-Learning in Heated Gridworlds},
  author = {Maria A. Larchenko and Pavel Osinenko and Grigory Yaremenko and Vladimir V. Palyulin},
  journal = {IEEE Access},
  year = {2021},
  doi = {10.1109/access.2021.3129709},
  volume = {9},
  pages = {159349-159363},
  publisher = {Institute of Electrical and Electronics Engineers (IEEE)},

}

@article{Göhrt2020,
  title = {A reinforcement learning method with closed-loop stability guarantee for systems with unknown parameters},
  author = {Thomas Göhrt and Fritjof Griesing-Scheiwe and Pavel Osinenko and Stefan Streif},
  journal = {IFAC-PapersOnLine},
  year = {2020},
  doi = {10.1016/j.ifacol.2020.12.2303},
  volume = {53},
  number = {2},
  pages = {8157-8162},
  publisher = {Elsevier BV},

}

@article{Rußwurm2020,
  title = {Optimal control of centrifugal spreader},
  author = {Franz Rußwurm and Pavel Osinenko and Stefan Streif},
  journal = {IFAC-PapersOnLine},
  year = {2020},
  doi = {10.1016/j.ifacol.2020.12.239},
  volume = {53},
  number = {2},
  pages = {15841-15846},
  publisher = {Elsevier BV},

}

@article{Göhrt2019,
  title = {Adaptive actor-critic structure for parametrized controllers},
  author = {Thomas Göhrt and Pavel Osinenko and Stefan Streif},
  journal = {IFAC-PapersOnLine},
  year = {2019},
  doi = {10.1016/j.ifacol.2019.12.036},
  volume = {52},
  number = {16},
  pages = {652-657},
  publisher = {Elsevier BV},

}

@article{Osokin2024,
  title = {Neural Network-Based Classification for Automated Powdery Mildew Detection in Modern Tomato Greenhouses},
  author = {Ilya Osokin and Ilya Ryakin and Sina Moghimi and Mikhail Patrikeev and Ilya Barsky and Pavel Osinenko},
  journal = {IEEE Access},
  year = {2024},
  doi = {10.1109/access.2024.3409074},
  volume = {12},
  pages = {86782-86789},
  publisher = {Institute of Electrical and Electronics Engineers (IEEE)},

}

@article{Osinenko2019,
  title = {Analysis of extremum value theorems for function spaces in optimal control under numerical uncertainty},
  author = {P Osinenko and S Streif},
  journal = {IMA Journal of Mathematical Control and Information},
  year = {2019},
  doi = {10.1093/imamci/dny018},
  volume = {36},
  number = {3},
  pages = {1015-1032},
  publisher = {Oxford University Press (OUP)},

}

@article{Geissler2015,
  title = {Winding switching strategy for electric wheel drives in agricultural machinery},
  author = {Mike Geissler and Pavel Osinenko and Thomas Herlitzius},
  journal = {2015 IEEE International Conference on Industrial Technology (ICIT)},
  year = {2015},
  doi = {10.1109/icit.2015.7125204},
  pages = {851-856},
  publisher = {IEEE},

}

@article{Beckenbach2024,
  title = {A stabilizing reinforcement learning approach for sampled systems with partially unknown models},
  author = {Lukas Beckenbach and Pavel Osinenko and Stefan Streif},
  journal = {International Journal of Robust and Nonlinear Control},
  year = {2024},
  doi = {10.1002/rnc.7626},
  volume = {34},
  number = {18},
  pages = {12389-12412},
  publisher = {Wiley},

}

@article{Dobriborsci2024,
  title = {Model-based reinforcement learning experimental study for mobile robot navigation},
  author = {Dmitrii Dobriborsci and Ilya Chichkanov and Roman Zashchitin and Pavel Osinenko},
  journal = {2024 10th International Conference on Control, Decision and Information Technologies (CoDIT)},
  year = {2024},
  doi = {10.1109/codit62066.2024.10708080},
  volume = {16},
  pages = {1825-1830},
  publisher = {IEEE},

}

@article{Erofeeva2023,
  title = {Distributed State Estimation for Multi-Area Data Reconciliation},
  author = {Victoria Erofeeva and Sergei Parsegov and Pavel Osinenko and Shyam Kamal},
  journal = {2023 31st Mediterranean Conference on Control and Automation (MED)},
  year = {2023},
  doi = {10.1109/med59994.2023.10185911},
  pages = {954-959},
  publisher = {IEEE},

}

@article{Vulf2025,
  title = {Machine Learning-Based Classification of Suspension Droplet-Solid Wall Impacts for Control of Droplet Fragmentation},
  author = {Mikhail Vulf and Dmitry Zharikov and Dmitry Kolomenskiy and Dmitry Eskin and Pavel Osinenko},
  journal = {IEEE Access},
  year = {2025},
  doi = {10.1109/access.2025.3594877},
  volume = {13},
  pages = {137179-137208},
  publisher = {Institute of Electrical and Electronics Engineers (IEEE)},

}

@article{Osokin2025,
  title = {Tangerine Volume Estimation by Point Cloud Data with Neural Networks},
  author = {Ilya Osokin and Ilya Ryakin and Sina Moghimi and Sergei Davidenko and Vladimir Guneavoi and Grigory Yaremenko and Pavel Osinenko},
  journal = {2025 IEEE 26th International Conference of Young Professionals in Electron Devices and Materials (EDM)},
  year = {2025},
  doi = {10.1109/edm65517.2025.11096782},
  pages = {1200-1203},
  publisher = {IEEE},

}

@article{Malaniya2025,
  title = {Regelum: Graph Dependency Resolution and Execution Orchestration for Control Systems},
  author = {Georgiy Malaniya and Anton Bolychev and Pavel Osinenko and Grigory Yaremenko},
  journal = {2025 IEEE 26th International Conference of Young Professionals in Electron Devices and Materials (EDM)},
  year = {2025},
  doi = {10.1109/edm65517.2025.11096894},
  pages = {1470-1475},
  publisher = {IEEE},

}

@article{Yaremenko2025,
  title = {A Probabilistic Mechanism for Safe Reinforcement Learning},
  author = {Grigory Yaremenko and Anton Bolychev and Georgiy Malaniya and Pavel Osinenko},
  journal = {2025 IEEE 26th International Conference of Young Professionals in Electron Devices and Materials (EDM)},
  year = {2025},
  doi = {10.1109/edm65517.2025.11096815},
  pages = {1230-1235},
  publisher = {IEEE},

}

@article{Ryakin2025,
  title = {Tangerine Volume Estimation by RANSAC on Point Cloud Data},
  author = {Ilya Ryakin and Ilya Osokin and Sina Moghimi and Sergei Davidenko and Vladimir Guneavoi and Grigory Yaremenko and Pavel Osinenko},
  journal = {2025 IEEE 26th International Conference of Young Professionals in Electron Devices and Materials (EDM)},
  year = {2025},
  doi = {10.1109/edm65517.2025.11096824},
  pages = {1300-1303},
  publisher = {IEEE},

}

@article{Griguletskii2025,
  title = {Moduslam: A Modular Framework for Factor Graph-Based Localization and Mapping},
  author = {Mark Griguletskii and Pavel Osinenko},
  journal = {2025 IEEE 26th International Conference of Young Professionals in Electron Devices and Materials (EDM)},
  year = {2025},
  doi = {10.1109/edm65517.2025.11096772},
  pages = {1210-1215},
  publisher = {IEEE},

}

@article{Yamerenko2025,
  title = {Generating Informative Benchmarks for Reinforcement Learning},
  author = {Grigory Yamerenko and Sinan Ibrahim and Francisco Moreno-Mora and Pavel Osinenko and Stefan Streif},
  journal = {IEEE Control Systems Letters},
  year = {2025},
  doi = {10.1109/lcsys.2025.3573943},
  volume = {9},
  pages = {480-485},
  publisher = {Institute of Electrical and Electronics Engineers (IEEE)},

}

@article{Schmidt2025,
  title = {Some Remarks on Robustness of Sample-and-Hold Stabilization},
  author = {Patrick Schmidt and Pavel Osinenko and Stefan Streif},
  journal = {IEEE Control Systems Letters},
  year = {2025},
  doi = {10.1109/lcsys.2025.3546990},
  volume = {8},
  pages = {3464-3469},
  publisher = {Institute of Electrical and Electronics Engineers (IEEE)},

}

@article{Schmidt2024,
  title = {Some Remarks on Practical Stabilization via CLF-Based Control Under Measurement Noise},
  author = {Patrick Schmidt and Pavel Osinenko and Stefan Streif},
  journal = {IEEE Access},
  year = {2024},
  doi = {10.1109/access.2024.3521048},
  volume = {13},
  pages = {1882-1895},
  publisher = {Institute of Electrical and Electronics Engineers (IEEE)},

}

@article{Belov2024,
  title = {Optimizing Energy Consumption for Legged Robot by Adapting Equilibrium Position and Stiffness of a Parallel Torsion Spring},
  author = {Danil Belov and Artem Erkhov and Farit Khabibullin and Elisaveta Pestova and Sergei Satsevich and Ilya Osokin and Pavel Osinenko and Dzmitry Tsetserukou},
  journal = {2024 IEEE International Conference on Robotics and Biomimetics (ROBIO)},
  year = {2024},
  doi = {10.1109/robio64047.2024.10907718},
  pages = {832-836},
  publisher = {IEEE},

}

@article{Vulf2024,
  title = {Model-Free Control for Drop-on-Demand Droplet Generation Using Reinforcement Learning},
  author = {Mikhail Vulf and Anton Bolychev and Dmitry Kolomenskiy and Pavel Osinenko},
  journal = {2024 European Control Conference (ECC)},
  year = {2024},
  doi = {10.23919/ecc64448.2024.10591295},
  pages = {2534-2539},
  publisher = {IEEE},

}

@article{Prasun2023,
  title = {Sliding Mode Control for a Class of Systems based on a Non-Monotonic Lyapunov Function},
  author = {Parijat Prasun and Vijay Kumar Singh and Vinay Pandey and Shyam Kamal and Sandip Ghosh and Pavel Osinenko and Sergei Parsegov},
  journal = {2023 31st Mediterranean Conference on Control and Automation (MED)},
  year = {2023},
  doi = {10.1109/med59994.2023.10185877},
  pages = {618-623},
  publisher = {IEEE},

}

@article{Graf2016,
  title = {A note on Flenner’s extension theorem},
  author = {Patrick Graf},
  journal = {manuscripta mathematica},
  year = {2016},
  doi = {10.1007/s00229-020-01233-y},
  volume = {165},
  number = {3-4},
  pages = {597-603},
  publisher = {Springer Science and Business Media LLC},

}

