@ARTICLE{Osinenko2015-gf,
  title     = "A method of optimal traction control for farm tractors with
               feedback of drive torque",
  author    = "Osinenko, Pavel V and Geissler, Mike and Herlitzius, Thomas",
  abstract  = "Traction efficiency of farm tractors barely reaches 50\% in
               field operations (Renius et al., 1985). On the other hand,
               modern trends in agriculture show growth of the global tractor
               markets and at the same time increased demands for greenhouse
               gas emission reduction as well as energy efficiency due to
               increasing fuel costs. Engine power of farm tractors is growing
               at 1.8 kW per year reaching today about 500 kW for the highest
               traction class machines. The problem of effective use of energy
               has become crucial. Existing slip control approaches for farm
               tractors do not fulfil this requirement due to fixed reference
               set-point. This paper suggests an optimal control scheme which
               extends a conventional slip controller with set-point
               optimisation based on assessment of soil conditions, namely,
               wheel-ground parameter estimation. The optimisation considers
               the traction efficiency and net traction ratio and adaptively
               adjusts the set-point under changing soil conditions. The
               proposed methodology can be mainly implemented in farm tractors
               equipped with hydraulic or electrical infinitely variable
               transmissions (IVT) with use of the drive torque feedback.",
  journal   = "Biosyst. Eng.",
  publisher = "Elsevier BV",
  volume    =  129,
  pages     = "20--33",
  month     =  jan,
  year      =  2015,
  language  = "en"
}


@ARTICLE{Osinenko2017-kg,
  title     = "Optimal traction control for heavy-duty vehicles",
  author    = "Osinenko, Pavel and Streif, Stefan",
  abstract  = "Heavy-duty vehicles such as tractors, bulldozers, certain
               construction and municipal vehicles, soil millers, forestry
               machinery etc. have a high demand for propulsion force and
               consequently a high fuel consumption. The current work presents
               a traction control approach based on motion dynamics estimation
               for optimizing propulsion force and energy efficiency according
               to a user-defined strategy. Unscented Kalman filter augmented
               with a fuzzy-logic system for adaptive estimation is used as the
               state observer. Simulation case study with an electrically
               driven tractor is presented. The new method of traction control
               showed considerable improvement of balancing energy efficiency
               and propulsion force.",
  journal   = "Control Eng. Pract.",
  publisher = "Elsevier BV",
  volume    =  69,
  pages     = "99--111",
  month     =  dec,
  year      =  2017
}


@article{osinenko2022reinforcement,
  title={Reinforcement learning with guarantees: a review},
  author={Osinenko, P. and Dobriborsci, D. and Aumer, W.},
  journal={IFAC-PapersOnLine},
  volume={55},
  number={15},
  pages={123--128},
  year={2022},
  publisher={Elsevier}
}

@article{osinenko2021application,
  title={Application of non-destructive sensors and big data analysis to predict physiological storage disorders and fruit firmness in 'Braeburn'apples},
  author={Osinenko, P. and Biegert, K. and McCormick, R.J. and G{\"o}hrt, T. and Devadze, G. and Streif, J. and others},
  journal={Computers and Electronics in Agriculture},
  volume={183},
  pages={106015},
  year={2021},
  publisher={Elsevier}
}

@article{ibrahim2024comprehensive,
  title={Comprehensive overview of reward engineering and shaping in advancing reinforcement learning applications},
  author={Ibrahim, S. and Mostafa, M. and Jnadi, A. and Salloum, H. and Osinenko, P.},
  journal={IEEE Access},
  year={2024},
  publisher={IEEE}
}

@article{bogel2016assessment,
  title={Assessment of soil roughness after tillage using spectral analysis},
  author={B{\"o}gel, T. and Osinenko, P. and Herlitzius, T.},
  journal={Soil and Tillage Research},
  volume={159},
  pages={73--82},
  year={2016},
  publisher={Elsevier}
}

@article{osinenko2020reinforcement,
  title={A reinforcement learning method with closed-loop stability guarantee},
  author={Osinenko, P. and Beckenbach, L. and G{\"o}hrt, T. and Streif, S.},
  journal={IFAC-PapersOnLine},
  volume={53},
  number={2},
  pages={8043--8048},
  year={2020},
  publisher={Elsevier}
}

@article{beckenbach2020qlearning,
  title={A Q-learning predictive control scheme with guaranteed stability},
  author={Beckenbach, L. and Osinenko, P. and Streif, S.},
  journal={European Journal of Control},
  volume={56},
  pages={167--178},
  year={2020},
  publisher={Elsevier}
}

@inproceedings{beckenbach2018constrained,
  title={Constrained and stabilizing stacked adaptive dynamic programming and a comparison with model predictive control},
  author={Beckenbach, L. and Osinenko, P. and G{\"o}hrt, T. and Streif, S.},
  booktitle={2018 European control conference (ECC)},
  pages={1349--1354},
  year={2018},
  organization={IEEE}
}

@article{osinenko2018practical,
  title={Practical sample-and-hold stabilization of nonlinear systems under approximate optimizers},
  author={Osinenko, P. and Beckenbach, L. and Streif, S.},
  journal={IEEE Control Systems Letters},
  volume={2},
  number={4},
  pages={569--574},
  year={2018},
  publisher={IEEE}
}

@article{beckenbach2018addressing,
  title={Addressing infinite-horizon optimization in MPC via Q-learning},
  author={Beckenbach, L. and Osinenko, P. and Streif, S.},
  journal={IFAC-PapersOnLine},
  volume={51},
  number={20},
  pages={60--65},
  year={2018},
  publisher={Elsevier}
}

@article{schmidt2021inf,
  title={On inf-convolution-based robust practical stabilization under computational uncertainty},
  author={Schmidt, P. and Osinenko, P. and Streif, S.},
  journal={IEEE Transactions on Automatic Control},
  volume={66},
  number={11},
  pages={5530--5537},
  year={2021},
  publisher={IEEE}
}

@article{osinenko2017stacked,
  title={Stacked adaptive dynamic programming with unknown system model},
  author={Osinenko, P. and G{\"o}hrt, T. and Devadze, G. and Streif, S.},
  journal={IFAC-PapersOnLine},
  volume={50},
  number={1},
  pages={4150--4155},
  year={2017},
  publisher={Elsevier}
}

@article{osinenko2017constructive,
  title={Constructive analysis of control system stability},
  author={Osinenko, P. and Devadze, G. and Streif, S.},
  journal={IFAC-PapersOnLine},
  volume={50},
  number={1},
  pages={7467--7474},
  year={2017},
  publisher={Elsevier}
}

@article{morozov2024optimal,
  title={Optimal flow factor determination in vanadium redox flow battery control},
  author={Morozov, A. and Pugach, M. and Polyakov, A. and Osinenko, P. and Bolychev, A. and Terzija, V. and others},
  journal={IEEE Access},
  volume={12},
  pages={19277--19284},
  year={2024},
  publisher={IEEE}
}

@article{osinenko2022stochastic,
  title={On Stochastic Stabilization via Nonsmooth Control Lyapunov Functions},
  author={Osinenko, P. and Yaremenko, G. and Malaniya, G.},
  journal={IEEE Transactions on Automatic Control},
  volume={68},
  number={8},
  pages={4925--4931},
  year={2022},
  publisher={IEEE}
}

@phdthesis{osinenko2015optimal,
  title={Optimal slip control for tractors with feedback of drive torque},
  author={Osinenko, P.},
  year={2015},
  school={Technische Universit{\"a}t Dresden}
}

@inproceedings{osinenko2014adaptive,
  title={Adaptive unscented Kalman filter with a fuzzy supervisor for electrified drive train tractors},
  author={Osinenko, P. and Geissler, M. and Herlitzius, T.},
  booktitle={Fuzzy Systems (FUZZ-IEEE), 2014 IEEE International Conference on},
  pages={322--331},
  year={2014},
  organization={IEEE}
}

@article{osinenko2011совершенствование,
  title={Совершенствование методики обработки данных полевых испытаний наземных транспортных средств},
  author={Осиненко, П.},
  journal={Тракторы и сельхозмашины},
  number={7},
  pages={19--22},
  year={2011}
}

@article{osinenko2021effects,
  title={Effects of sampling and prediction horizon in reinforcement learning},
  author={Osinenko, P. and Dobriborsci, D.},
  journal={IEEE Access},
  volume={9},
  pages={127611--127618},
  year={2021},
  publisher={IEEE}
}

@inproceedings{osinenko2016experimental,
  title={Experimental results of slip control with a fuzzy-logic-assisted unscented Kalman filter for state estimation},
  author={Osinenko, P. and Gei{\ss}ler, M. and Herlitzius, T. and Streif, S.},
  booktitle={2016 IEEE International Conference on FUZZ-IEEE},
  pages={501--507},
  year={2016},
  organization={IEEE}
}

@article{osinenko2023generalized,
  title={A generalized stacked reinforcement learning method for sampled systems},
  author={Osinenko, P. and Dobriborsci, D. and Yaremenko, G. and Malaniya, G.},
  journal={IEEE Transactions on Automatic Control},
  volume={68},
  number={11},
  pages={7006--7013},
  year={2023},
  publisher={IEEE}
}

@article{kobelski2021experimental,
  title={Experimental verification of an online traction parameter identification method},
  author={Kobelski, A. and Osinenko, P. and Streif, S.},
  journal={Control Engineering Practice},
  volume={113},
  pages={104837},
  year={2021},
  publisher={Elsevier}
}

@article{osinenko2020practical,
  title={Practical stability analysis of sliding‐mode control with explicit computation of sampling time},
  author={Osinenko, P. and Devadze, G. and Streif, S.},
  journal={Asian Journal of Control},
  volume={22},
  number={4},
  pages={1692--1699},
  year={2020},
  publisher={Wiley}
}

@inproceedings{beckenbach2019model,
  title={Model predictive control with stage cost shaping inspired by reinforcement learning},
  author={Beckenbach, L. and Osinenko, P. and Streif, S.},
  booktitle={2019 IEEE 58th Conference on Decision and Control (CDC)},
  pages={7110--7115},
  year={2019},
  organization={IEEE}
}

@article{gohrt2019adaptive,
  title={Adaptive dynamic programming using Lyapunov function constraints},
  author={G{\"o}hrt, T. and Osinenko, P. and Streif, S.},
  journal={IEEE Control Systems Letters},
  volume={3},
  number={4},
  pages={901--906},
  year={2019},
  publisher={IEEE}
}

@inproceedings{osinenko2024critic,
  title={Critic as Lyapunov function (CALF): a model-free, stability-ensuring agent},
  author={Osinenko, P. and Yaremenko, G. and Zashchitin, R. and Bolychev, A. and Ibrahim, S. and others},
  booktitle={2024 IEEE 63rd Conference on Decision and Control (CDC)},
  pages={2517--2524},
  year={2024},
  organization={IEEE}
}

@inproceedings{beckenbach2020closed,
  title={On closed-loop stability of model predictive controllers with learning costs},
  author={Beckenbach, L. and Osinenko, P. and Streif, S.},
  booktitle={2020 European control conference (ECC)},
  pages={184--189},
  year={2020},
  organization={IEEE}
}

@article{kobelski2020method,
  title={A method of online traction parameter identification and mapping},
  author={Kobelski, A. and Osinenko, P. and Streif, S.},
  journal={IFAC-PapersOnLine},
  volume={53},
  number={2},
  pages={13933--13938},
  year={2020},
  publisher={Elsevier}
}

@article{bogel2016assessment2,
  title={Assessment of soil roughness after tillage using spectral analysis [J]},
  author={Bogel, T. and Osinenko, P. and Herlitzius, T.},
  journal={Soil \& Tillage Research},
  volume={159},
  pages={73--82},
  year={2016},
  publisher={Elsevier}
}

@article{dobriborsci2022experimental,
  title={An experimental study of two predictive reinforcement learning methods and comparison with model-predictive control},
  author={Dobriborsci, D. and Osinenko, P. and Aumer, W.},
  journal={IFAC-PapersOnLine},
  volume={55},
  number={10},
  pages={1545--1550},
  year={2022},
  publisher={Elsevier}
}

@article{larchenko2021study,
  title={A study of first-passage time minimization via Q-learning in heated gridworlds},
  author={Larchenko, M.A. and Osinenko, P. and Yaremenko, G. and Palyulin, V.V.},
  journal={IEEE Access},
  volume={9},
  pages={159349--159363},
  year={2021},
  publisher={IEEE}
}

@article{gohrt2020reinforcement,
  title={A reinforcement learning method with closed-loop stability guarantee for systems with unknown parameters},
  author={G{\"o}hrt, T. and Griesing-Scheiwe, F. and Osinenko, P. and Streif, S.},
  journal={IFAC-PapersOnLine},
  volume={53},
  number={2},
  pages={8157--8162},
  year={2020},
  publisher={Elsevier}
}

@article{dobriborsci2024predictive,
  title={Predictive reinforcement learning: map-less navigation method for mobile robot},
  author={Dobriborsci, D. and Zashchitin, R. and Kakanov, M. and Aumer, W. and Osinenko, P.},
  journal={Journal of Intelligent Manufacturing},
  volume={35},
  number={8},
  pages={4217--4232},
  year={2024},
  publisher={Springer}
}

@article{osinenko2020constructive,
  title={Constructive analysis of eigenvalue problems in control under numerical uncertainty},
  author={Osinenko, P. and Devadze, G. and Streif, S.},
  journal={International Journal of Control, Automation and Systems},
  volume={18},
  number={9},
  pages={2177--2185},
  year={2020},
  publisher={Springer}
}

@article{russwurm2020optimal,
  title={Optimal control of centrifugal spreader},
  author={Ru{\ss}wurm, F. and Osinenko, P. and Streif, S.},
  journal={IFAC-PapersOnLine},
  volume={53},
  number={2},
  pages={15841--15846},
  year={2020},
  publisher={Elsevier}
}

@article{gohrt2019adaptive2,
  title={Adaptive actor-critic structure for parametrized controllers},
  author={G{\"o}hrt, T. and Osinenko, P. and Streif, S.},
  journal={IFAC-PapersOnLine},
  volume={52},
  number={16},
  pages={652--657},
  year={2019},
  publisher={Elsevier}
}

@article{osinenko2018analysis,
  title={Analysis of the Caratheodory's theorem on dynamical system trajectories under numerical uncertainty},
  author={Osinenko, P. and Devadze, G. and Streif, S.},
  journal={IEEE/CAA Journal of Automatica Sinica},
  volume={5},
  number={4},
  pages={787--793},
  year={2018},
  publisher={IEEE}
}

@article{osinenko2015fuzzy,
  title={Fuzzy-logic assisted power management for electrified mobile machinery},
  author={Osinenko, P. and Geissler, M. and Herlitzius, T.},
  journal={Neurocomputing},
  volume={170},
  pages={439--447},
  year={2015},
  publisher={Elsevier}
}

@article{osokin2024neural,
  title={Neural network-based classification for automated powdery mildew detection in modern tomato greenhouses},
  author={Osokin, I. and Ryakin, I. and Moghimi, S. and Patrikeev, M. and Barsky, I. and Osinenko, P.},
  journal={IEEE Access},
  volume={12},
  pages={86782--86789},
  year={2024},
  publisher={IEEE}
}

@inproceedings{osinenko2021stochastic,
  title={On stochastic stabilization of sampled systems},
  author={Osinenko, P. and Yaremenko, G.},
  booktitle={2021 60th IEEE Conference on Decision and Control (CDC)},
  pages={5326--5331},
  year={2021},
  organization={IEEE}
}

@article{osinenko2021towards,
  title={Towards a constructive framework for control theory},
  author={Osinenko, P.},
  journal={IEEE Control Systems Letters},
  volume={6},
  pages={379--384},
  year={2021},
  publisher={IEEE}
}

@article{osinenko2019analysis2,
  title={Analysis of extremum value theorems for function spaces in optimal control under numerical uncertainty},
  author={Osinenko, P. and Streif, S.},
  journal={IMA Journal of Mathematical Control and Information},
  volume={36},
  number={3},
  pages={1015--1032},
  year={2019},
  publisher={Oxford University Press}
}

@article{osinenko2018constructive2,
  title={A constructive version of the extremum value theorem for spaces of vector-valued functions},
  author={Osinenko, P. and Streif, S.},
  journal={Journal of Logic and Analysis},
  volume={10},
  year={2018}
}

@article{osinenko2012усовершенствованная,
  title={Усовершенствованная измерительная система для наземно-транспортных средств},
  author={Осиненко, П. and Воронин, В. and Сидоров, М.},
  journal={Сельскохозяйственные машины и технологии},
  number={1},
  pages={27--29},
  year={2012}
}

@article{osinenko2023actor,
  title={An actor-critic framework for online control with environment stability guarantee},
  author={Osinenko, P. and Yaremenko, G. and Malaniya, G. and Bolychev, A.},
  journal={IEEE Access},
  volume={11},
  pages={89188--89204},
  year={2023},
  publisher={IEEE}
}

@article{osinenko2020nonsmooth,
  title={Nonsmooth stabilization and its computational aspects},
  author={Osinenko, P. and Schmidt, P. and Streif, S.},
  journal={IFAC-PapersOnLine},
  volume={53},
  number={2},
  pages={6370--6377},
  year={2020},
  publisher={Elsevier}
}

@article{gohrt2019converse,
  title={Converse optimality for discrete-time systems},
  author={G{\"o}hrt, T. and Osinenko, P. and Streif, S.},
  journal={IEEE Transactions on Automatic Control},
  volume={65},
  number={5},
  pages={2257--2264},
  year={2019},
  publisher={IEEE}
}

@inproceedings{geissler2015winding,
  title={Winding switching strategy for electric wheel drives in agricultural machinery},
  author={Geissler, M. and Osinenko, P. and Herlitzius, T.},
  booktitle={2015 IEEE International Conference on Industrial Technology (ICIT)},
  pages={851--856},
  year={2015},
  organization={IEEE}
}

@article{beckenbach2024stabilizing,
  title={A stabilizing reinforcement learning approach for sampled systems with partially unknown models},
  author={Beckenbach, L. and Osinenko, P. and Streif, S.},
  journal={International Journal of Robust and Nonlinear Control},
  volume={34},
  number={18},
  pages={12389--12412},
  year={2024},
  publisher={Wiley}
}

@article{pandey2024finite,
  title={Finite and fixed‐time stabilization of discrete‐time systems using passivity‐based control},
  author={Pandey, S. and Kamal, S. and Osinenko, P. and Parsegov, S. and Singh, D.},
  journal={International Journal of Robust and Nonlinear Control},
  volume={34},
  number={12},
  pages={8481--8494},
  year={2024},
  publisher={Wiley}
}

@inproceedings{ibrahim2024reward,
  title={Reward Planning For Underactuated Robotic Systems With Parameters Uncertainty: Greedy-Divide and Conquer},
  author={Ibrahim, S. and Kazmi, S.M.A. and Dobriborsci, D. and Zashchitin, R. and Mostafa, M. and Osinenko, P. and others},
  booktitle={2024 10th International Conference on Control, Decision and Information},
  year={2024}
}

@inproceedings{erofeeva2023distributed,
  title={Distributed State Estimation for Multi-Area Data Reconciliation},
  author={Erofeeva, V. and Parsegov, S. and Osinenko, P. and Kamal, S.},
  booktitle={2023 31st Mediterranean Conference on Control and Automation (MED)},
  pages={954--959},
  year={2023},
  organization={IEEE}
}

@article{osinenko2020constructive3,
  title={On constructive extractability of measurable selectors of set-valued maps},
  author={Osinenko, P. and Streif, S.},
  journal={IEEE Transactions on Automatic Control},
  volume={66},
  number={8},
  pages={3757--3764},
  year={2020},
  publisher={IEEE}
}

@inproceedings{osinenko2013real,
  title={Real-time identification of vehicle dynamics for mobile machines with electrified drive trains},
  author={Osinenko, P.V. and Geissler, M.},
  booktitle={Proceedings 71st Conference LAND.TECHNIK - AgEng 2013},
  pages={241--247},
  year={2013}
}

@article{vulf2025machine,
  title={Machine Learning-Based Classification of Suspension Droplet-Solid Wall Impacts for Control of Droplet Fragmentation},
  author={Vulf, M. and Zharikov, D. and Kolomenskiy, D. and Eskin, D. and Osinenko, P.},
  journal={IEEE Access},
  year={2025},
  publisher={IEEE}
}

@inproceedings{osokin2025tangerine,
  title={Tangerine Volume Estimation by Point Cloud Data with Neural Networks},
  author={Osokin, I. and Ryakin, I. and Moghimi, S. and Davidenko, S. and Guneavoi, V. and Yaremenko, G. and Osinenko, P. and others},
  booktitle={2025 IEEE 26th International Conference of Young Professionals in Electron},
  year={2025}
}

@inproceedings{malaniya2025regelum,
  title={Regelum: Graph Dependency Resolution and Execution Orchestration for Control Systems},
  author={Malaniya, G. and Bolychev, A. and Osinenko, P. and Yaremenko, G.},
  booktitle={2025 IEEE 26th International Conference of Young Professionals in Electron},
  year={2025}
}

@inproceedings{malaniya2025limitations,
  title={On Limitations of Ensuring Stability in Reinforcement Learning Under Robustifying Control},
  author={Malaniya, G. and Bolychev, A. and Yaremenko, G. and Osinenko, P.},
  booktitle={2025 IEEE 26th International Conference of Young Professionals in Electron},
  year={2025}
}

@inproceedings{yaremenko2025probabilistic,
  title={A Probabilistic Mechanism for Safe Reinforcement Learning},
  author={Yaremenko, G. and Bolychev, A. and Malaniya, G. and Osinenko, P.},
  booktitle={2025 IEEE 26th International Conference of Young Professionals in Electron},
  year={2025}
}

@inproceedings{ryakin2025tangerine2,
  title={Tangerine Volume Estimation by RANSAC on Point Cloud Data},
  author={Ryakin, I. and Osokin, I. and Moghimi, S. and Davidenko, S. and Guneavoi, V. and Yaremenko, G. and Osinenko, P. and others},
  booktitle={2025 IEEE 26th International Conference of Young Professionals in Electron},
  year={2025}
}

@inproceedings{griguletskii2025moduslam,
  title={Moduslam: A Modular Framework for Factor Graph-Based Localization and Mapping},
  author={Griguletskii, M. and Osinenko, P.},
  booktitle={2025 IEEE 26th International Conference of Young Professionals in Electron},
  year={2025}
}

@article{yamerenko2025generating,
  title={Generating Informative Benchmarks for Reinforcement Learning},
  author={Yamerenko, G. and Ibrahim, S. and Moreno-Mora, F. and Osinenko, P. and Streif, S.},
  journal={IEEE Control Systems Letters},
  year={2025},
  publisher={IEEE}
}

@article{pestova2024adaptive,
  title={Adaptive MPC-based quadrupedal robot control under periodic disturbances},
  author={Pestova, E. and Osokin, I. and Belov, D. and Osinenko, P.},
  journal={IEEE Access},
  year={2024},
  publisher={IEEE}
}

@article{bolychev2024universal,
  title={A universal policy wrapper with guarantees},
  author={Bolychev, A. and Malaniya, G. and Yaremenko, G. and Krasnaya, A. and Osinenko, P.},
  journal={IEEE Access},
  year={2024},
  publisher={IEEE}
}

@article{malaniya2024multi,
  title={Multi-CALF: A Policy Combination Approach with Statistical Guarantees},
  author={Malaniya, G. and Bolychev, A. and Yaremenko, G. and Krasnaya, A. and Osinenko, P.},
  journal={IEEE Access},
  year={2024},
  publisher={IEEE}
}

@article{belov2024quadrupedal,
  title={Quadrupedal Robot Skateboard Mounting via Reverse Curriculum Learning},
  author={Belov, D. and Erkhov, A. and Pestova, E. and Osokin, I. and Tsetserukou, D. and Osinenko, P.},
  journal={IEEE Access},
  year={2024},
  publisher={IEEE}
}

@article{ryakin2025ransac,
  title={On the RANSAC performance for quadric surfaces in noisy conditions},
  author={Ryakin, I. and Moghimi, S. and Guneavoy, V. and Davidenko, S. and Patrikeev, M. and Osokin, I. and Osinenko, P. and others},
  journal={IEEE Access},
  year={2025},
  publisher={IEEE}
}

@article{schmidt2025remarks,
  title={Some remarks on robustness of sample-and-hold stabilization},
  author={Schmidt, P. and Osinenko, P. and Streif, S.},
  journal={IEEE Control Systems Letters},
  year={2025},
  publisher={IEEE}
}

@article{schmidt2024remarks2,
  title={Some remarks on practical stabilization via CLF-based control under measurement noise},
  author={Schmidt, P. and Osinenko, P. and Streif, S.},
  journal={IEEE Access},
  year={2024},
  publisher={IEEE}
}

@inproceedings{kovalev2024optimizing,
  title={Optimizing energy consumption for legged robot by adapting equilibrium position and stiffness of a parallel torsion spring},
  author={Kovalev, V. and Shkromada, A. and Ouerdane, H. and Osinenko, P.},
  booktitle={2024 IEEE International Conference on Robotics and Biomimetics (ROBIO)},
  pages={832--836},
  year={2024},
  organization={IEEE}
}

@article{yaremenko2024novel,
  title={A novel agent with formal goal-reaching guarantees: an experimental study with a mobile robot},
  author={Yaremenko, G. and Dobriborsci, D. and Zashchitin, R. and Maestre, R.C. and Hoang, N.Q.H. and Osinenko, P. and others},
  journal={IEEE Access},
  year={2024},
  publisher={IEEE}
}

@inproceedings{dobriborsci2024model,
  title={Model-based reinforcement learning experimental study for mobile robot navigation},
  author={Dobriborsci, D. and Chichkanov, I. and Zashchitin, R. and Osinenko, P.},
  booktitle={2024 10th International Conference on Control, Decision and Information},
  year={2024}
}

@inproceedings{vulf2024model,
  title={Model-Free Control for Drop-on-Demand Droplet Generation Using Reinforcement Learning},
  author={Vulf, M. and Bolychev, A. and Kolomenskiy, D. and Osinenko, P.},
  booktitle={2024 European Control Conference (ECC)},
  pages={2534--2539},
  year={2024},
  organization={IEEE}
}

@article{osinenko2024agent,
  title={An agent design with goal reaching guarantees for enhancement of learning},
  author={Osinenko, P. and Yaremenko, G. and Malaniya, G. and Bolychev, A. and Gepperth, A.},
  journal={IEEE Access},
  year={2024},
  publisher={IEEE}
}

@article{osinenko2024approach,
  title={An approach to improve agent learning via guaranteeing goal reaching in all episodes},
  author={Osinenko, P. and Yaremenko, G. and Malaniya, G. and Bolychev, A.},
  journal={IEEE Access},
  year={2024},
  publisher={IEEE}
}

@inproceedings{prasun2023sliding,
  title={Sliding Mode Control for a Class of Systems based on a Non-Monotonic Lyapunov Function},
  author={Prasun, P. and Singh, V.K. and Pandey, V. and Kamal, S. and Ghosh, S. and Osinenko, P. and others},
  booktitle={2023 31st Mediterranean Conference on Control and Automation (MED)},
  pages={618--623},
  year={2023},
  organization={IEEE}
}

@article{osinenko2024framework,
  title={A framework for online, stabilizing reinforcement learning},
  author={Osinenko, P. and Yaremenko, G. and Malaniya, G.},
  journal={IEEE Access},
  year={2024},
  publisher={IEEE}
}

@article{osinenko2024stabilizing2,
  title={On stabilizing reinforcement learning without Lyapunov functions},
  author={Osinenko, P. and Malaniya, G. and Yaremenko, G.},
  journal={IEEE Access},
  year={2024},
  publisher={IEEE}
}

@article{osinenko2024comment,
  title={A comment on stabilizing reinforcement learning},
  author={Osinenko, P. and Malaniya, G. and Yaremenko, G. and Osokin, I.},
  journal={IEEE Access},
  year={2024},
  publisher={IEEE}
}

@article{osinenko2024effects2,
  title={Effects of sampling and horizon in predictive reinforcement learning},
  author={Osinenko, P. and Dobriborsci, D.},
  journal={IEEE Access},
  year={2024},
  publisher={IEEE}
}

@article{osinenko2024note,
  title={A note on Brehm's extension theorem},
  author={Osinenko, P.},
  journal={IEEE Access},
  year={2024},
  publisher={IEEE}
}

@article{osinenko2024note2,
  title={A note on constructive treatment of eigenvectors},
  author={Osinenko, P. and Devadze, G. and Streif, S.},
  journal={IEEE Access},
  year={2024},
  publisher={IEEE}
}

@article{osinenko2024optimal2,
  title={Optimal slip control for tractors with feedback of drive torque Optimale Schlupfregelung für Traktoren mit Rückkopplung des Antriebsdrehmoments},
  author={Осиненко, П.},
  journal={IEEE Access},
  year={2024},
  publisher={IEEE}
}

@inproceedings{tetzlaff2014simulation,
  title={Simulation zur Potenzialabschätzung eines elektrifizierten Geräteantriebs},
  author={Tetzlaff, S. and Gei{\ss}ler, M. and Osinenko, P.},
  booktitle={Hybridantriebe für mobile Arbeitsmaschinen},
  volume={73},
  year={2014}
}

@article{osinenko2011improving,
  title={Improving the methods of processing test data of land-based vehicles},
  author={Osinenko, P.V.},
  journal={Tractors and Agricultural Machinery},
  volume={78},
  number={7},
  pages={19--22},
  year={2011}
}
